<?xml version="1.0" encoding="UTF-8"?><collection xmlns="http://www.loc.gov/MARC21/slim"><record><leader>00372nam--2200133-i-4500</leader><controlfield tag="001">000032213</controlfield><controlfield tag="002">20161230</controlfield><controlfield tag="005">20161230201039</controlfield><controlfield tag="008">060222s1000------------r-----000-0-eng-d</controlfield><datafield ind1=" " ind2=" " tag="080"><subfield code="a">543:669.1</subfield></datafield><datafield ind1=" " ind2=" " tag="100"><subfield code="a">Mayerm, A.And Westwood, W</subfield></datafield><datafield ind1=" " ind2=" " tag="245"><subfield code="a">Chemical analysis of cast iron and foundry materials</subfield></datafield><datafield ind1=" " ind2=" " tag="260"><subfield code="a">London, George Allen And Unwin Ltd., 1951, 587p</subfield></datafield><datafield ind1=" " ind2=" " tag="852"><subfield code="a">76275</subfield></datafield></record></collection>